@article{baliki2009parsing,
  title={Parsing pain perception between nociceptive representation and magnitude estimation},
  author={Baliki, Marwan N and Geha, Paul Y and Apkarian, A Vania},
  journal={Journal of neurophysiology},
  volume={101},
  number={2},
  pages={875--887},
  year={2009},
  publisher={American Physiological Society}
}

@article{friedman2008magnitude,
  title={Magnitude estimation of softness},
  author={Friedman, Robert M and Hester, Kim D and Green, Barry G and LaMotte, Robert H},
  journal={Experimental brain research},
  volume={191},
  pages={133--142},
  year={2008},
  publisher={Springer}
}

@article{holyoak1982cognitive,
  title={Cognitive reference points in judgments of symbolic magnitude},
  author={Holyoak, Keith J and Mah, Wesley A},
  journal={Cognitive psychology},
  volume={14},
  number={3},
  pages={328--352},
  year={1982},
  publisher={Elsevier}
}

@article{marks1988magnitude,
  title={Magnitude estimation and sensory matching},
  author={Marks, Lawrence E},
  journal={Perception \& Psychophysics},
  volume={43},
  number={6},
  pages={511--525},
  year={1988},
  publisher={Springer}
}

@article{petzschner2015bayesian,
  title={A Bayesian perspective on magnitude estimation},
  author={Petzschner, Frederike H and Glasauer, Stefan and Stephan, Klaas E},
  journal={Trends in cognitive sciences},
  volume={19},
  number={5},
  pages={285--293},
  year={2015},
  publisher={Elsevier}
}


